@book{mason_2006_elearning,
  author = {Mason, Robin and Rennie, Frank},
  publisher = {Routledge},
  title = {E-learning : the key concepts},
  year = {2006}
}